@article{Binetruy2020,
  author = {Binetruy, F. and Garnier, S. and Boulanger, N. and Talagrand-Reboul, É. and Loire, E. and Faivre, B. and Noël, V. and Buysse, M. and Duron, O.},
  title = {A novel Borrelia species, intermediate between Lyme disease and relapsing fever groups, in neotropical passerine-associated ticks},
  journal = {Scientific Reports},
  volume = {10},
  number = {1},
  pages = {10596},
  year = {2020},
  doi = {10.1038/s41598-020-66828-7}
}

@article{Colunga-Salas2020,
  author = {Colunga-Salas, P. and Sánchez-Montes, S. and Volkow, P. and Ruíz-Remigio, A. and Becker, I.},
  title = {Lyme disease and relapsing fever in Mexico: An overview of human and wildlife infections},
  journal = {PLoS ONE},
  volume = {15},
  number = {9},
  pages = {e0238496},
  year = {2020},
  doi = {10.1371/journal.pone.0238496}
}

@article{Ivanova2014,
  author = {Ivanova, L. B. and Tomova, A. and González-Acuña, D. and Murúa, R. and Moreno, C. X. and Hernández, C. and Cabello, J. and Cabello, C. and Daniels, T. J. and Godfrey, H. P. and Cabello, F. C.},
  title = {Borrelia chilensis, a new member of the Borrelia burgdorferi sensu lato complex that extends the range of this genospecies in the Southern Hemisphere},
  journal = {Environmental Microbiology},
  volume = {16},
  number = {4},
  pages = {1069--1080},
  year = {2014},
  doi = {10.1111/1462-2920.12310}
}

@article{Jorge2023,
  author = {Jorge, F. R. and Muñoz-Leal, S. and de Oliveira, G. M. B. and Serpa, M. C. A. and Magalhães, M. M. L. and de Oliveira, L. M. B. and Moura, F. B. P. and Teixeira, B. M. and Labruna, M. B.},
  title = {Novel Borrelia genotypes from Brazil indicate a new group of Borrelia spp. associated with South American bats},
  journal = {Journal of Medical Entomology},
  volume = {60},
  number = {1},
  pages = {222--228},
  year = {2023},
  doi = {10.1093/jme/tjac160}
}

@article{Labruna2024,
  author = {Labruna, M. B. and Faccini-Martínez, Á. A. and Muñoz-Leal, S. and Szabó, M. P. J. and Angerami, R. N.},
  title = {Lyme borreliosis in Brazil: A critical review on the Baggio--Yoshinari syndrome (Brazilian Lyme-like disease)},
  journal = {Clinical Microbiology Reviews},
  volume = {37},
  number = {4},
  pages = {e00097-24},
  year = {2024},
  doi = {10.1128/CMR.00097-24}
}

@article{Lucca2024,
  author = {Lucca, V. and Nuñez, S. and Pucheta, M. and Radman, N. and Rigonatto, T. and Sánchez, G. and Del Curto, B. and Oliva, D. and Mariño, B. and López, G. and Bonin, S. and Trevisan, G. and Stanchi, N.},
  title = {Lyme disease: A review with emphasis on Latin America},
  journal = {Microorganisms},
  volume = {12},
  number = {2},
  pages = {385},
  year = {2024},
  doi = {10.3390/microorganisms12020385}
}

@article{Mancilla-Agrono2022,
  author = {Mancilla-Agrono, L. Y. and Banguero-Micolta, L. F. and Ossa-López, P. A. and Ramírez-Chaves, H. E. and Castaño-Villa, G. J. and Rivera-Páez, F. A.},
  title = {Is Borrelia burgdorferi sensu stricto in South America? First molecular evidence of its presence in Colombia},
  journal = {Tropical Medicine and Infectious Disease},
  volume = {7},
  number = {9},
  pages = {166},
  year = {2022},
  doi = {10.3390/tropicalmed7090166}
}

@article{Weck2022,
  author = {Weck, B. C. and Serpa, M. C. A. and Labruna, M. B. and Muñoz-Leal, S.},
  title = {A novel genospecies of Borrelia burgdorferi sensu lato associated with cricetid rodents in Brazil},
  journal = {Microorganisms},
  volume = {10},
  number = {2},
  pages = {204},
  year = {2022},
  doi = {10.3390/microorganisms10020204}
}

@article{Yoshinari2022,
  author = {Yoshinari, N. H. and Bonoldi, V. L. N. and Bonin, S. and Falkingham, E. and Trevisan, G.},
  title = {The current state of knowledge on Baggio--Yoshinari Syndrome (Brazilian Lyme disease-like Illness): Chronological presentation of historical and scientific events observed over the last 30 years},
  journal = {Pathogens},
  volume = {11},
  number = {8},
  pages = {889},
  year = {2022},
  doi = {10.3390/pathogens11080889}
}

@article{Binetruy2020a,
  author = {Binetruy, F. and Garnier, S. and Boulanger, N. and Talagrand-Reboul, É. and Loire, E. and Faivre, B. and Noël, V. and Buysse, M. and Duron, O.},
  title = {A novel Borrelia species, intermediate between Lyme disease and relapsing fever groups, in neotropical passerine-associated ticks},
  journal = {Scientific Reports},
  volume = {10},
  number = {1},
  pages = {10596},
  year = {2020},
  doi = {10.1038/s41598-020-66828-7}
} 